,"Dec. 31, 2023","Dec. 31, 2022","Dec. 31, 2021","Dec. 31, 2020","Dec. 31, 2019","Dec. 31, 2018","Dec. 31, 2017","Dec. 31, 2016","Dec. 31, 2015","Dec. 31, 2014","Dec. 31, 2013","Dec. 31, 2012","Dec. 31, 2011","Dec. 31, 2010","Dec. 31, 2009","Dec. 31, 2008","Dec. 31, 2009.1","Dec. 31, 2008.1","Dec. 31, 2007","Dec. 31, 2007.1"
Outstanding Common Stock Options Having No Dilutive Effect (in shares),5,3,0,9,,,,5,1,1,1,1166,26789,29403,66189,30579,66189,30579,6406,6406
Average Number of Common Shares Outstanding Plus Dilutive Common Stock Options (in shares),1749,1764,1789,1786,1781,1770,1749,1483,1506,1527,1574,,,,,,,,,
Dilutive Common Stock Options (in shares),9,11,14,13,13,12,9,6,10,11,16,,,,,,,,,
Average Number of Common Shares Outstanding Used for Basic Earnings Per Common Share (in shares),1740,1753,1775,1773,1768,1758,1740,1477,1496,1516,1558,1575378,1557643,1546400,1546983,1545355,1546983,1545355,1543082,1543082
Diluted earnings per common share (in dollars per share),3.26,3.91,3.94,,,,,,,,,,,,,,,,,
Basic earnings per common share (in dollars per share),3.28,3.94,3.97,,,,,,,,,,,,,,,,,
Net Earnings,5723,6933,7071,4495,3687,2368,477,1400,4423,2284,2576,5962920,4728449,4626172,5745838,4880719,5745838,4880719,3606314,3606314
Taxes on Earnings,941,1373,1140,,,,,,,,,299694,470193,1086662,1447936,,,,,
Earnings before Taxes,6664,8306,8211,,,,,,,,,,,,,,,,,
"Other (income) expense, net",(479),(321),(277),(103),(191),(139),"(1,251)",945,(281),14,(32),"(34,206)",158632,"(62,011)","(1,375,494)","(454,939)","(1,375,494)","(454,939)",135526,135526
Net foreign exchange (gain) loss,41,2,1,(8),7,28,(34),495,(93),(24),50,"(8,044)","(50,271)","(10,924)",35584,84244,35584,84244,14997,14997
Interest income,(385),(183),(43),(46),(94),(105),(124),(99),(105),(77),(67),(59),(65),,,,,,,
Interest expense,637,558,533,546,670,826,904,431,163,150,157,592403,530141,553135,519656,528474,519656,528474,593142,593142
Operating Earnings,6478,8362,8425,5357,4532,3650,1726,3185,2867,2599,2629,8084515,5751948,6087581,6235741,5693839,6235741,5693839,4578545,4578545
Total Operating Cost and Expenses,33631,35291,34650,29251,27372,26928,25664,17668,17538,17648,19219,31789395,33099311,29079140,24528966,23833713,24528966,23833713,21335693,21335693
"Selling, general and administrative",10949,11248,11324,9696,9765,9744,9117,6672,6785,6530,6936,12059495,12756817,10376324,8405904,8435624,8405904,8435624,7407998,7407998
Research and development,2741,2888,2742,2420,2440,2300,2235,1422,1405,1345,1452,4322182,4129414,3724424,2743733,2688811,2743733,2688811,2505649,2505649
Amortization of intangible assets,1966,2013,2047,2132,1936,2178,1975,550,601,555,791,795,884,,,,,,,
"Cost of products sold, excluding amortization of intangible assets",17975,19142,18537,15003,13231,12706,12337,9024,8747,9218,9193,8899,,,,,,,,
Net Sales,40109,43653,43075,34608,31904,30578,27390,20853,20405,20247,21848,39873910,38851259,35166721,30764707,29527552,30764707,29527552,25914238,25914238
Net Earnings (in dollars per share),,3.94,3.97,2.52,2.07,1.34,0.27,0.94,2.94,1.50,1.64,3.76,3.03,2.98,3.71,3.16,3.71,3.16,2.34,2.34
Discontinued Operations (in dollars per share),,0,0,0.01,,0.02,0.07,0.23,1.21,0.37,0.12,3.40,2.31,,,,,,,
Continuing Operations (in dollars per share),,3.94,3.97,2.51,2.07,1.32,0.20,0.71,1.73,1.13,1.52,0.36,0.72,2.98,3.71,3.06,3.71,3.06,2.34,2.34
"Net Earnings from Discontinued Operations, net of taxes",,0,0,24,,34,124,337,1817,563,588,,,,,,,,,
Earnings from Continuing Operations,,6933,7071,4471,3687,2334,353,1063,2606,1721,2383,579,1126,,5745838,4734216,5745838,4734216,3606314,3606314
Taxes on Earnings from Continuing Operations,,1373,1140,497,390,539,1878,350,577,797,138,(274),110,1086662,1447936,1122070,1447936,1122070,863334,863334
Earnings from Continuing Operations Before Taxes,,8306,8211,4968,4077,2873,2231,1413,3183,2518,2521,305,1236,5712834,7193774,5856286,7193774,5856286,4469648,4469648
Average Number of Common Shares Outstanding Plus Dilutive Common Stock Options,,,1789,1786,1781,1770,,,,,,,,,,,,,,
Dilutive Common Stock Options,,,14,13,13,12,,,,,,,,,,,,,,
Average Number of Common Shares Outstanding Used for Basic Earnings Per Common Share,,,1775,1773,1768,1758,,,,,,,,,,,,,,
Continuing Operations,,,3.97,2.51,2.07,1.32,,,,,,,,2.96,3.69,3.03,,,,
Net sales,,,,34608,31904,30578,,,,,,,,,,,,,,
"Earnings from Discontinued Operations, net of taxes",,,,,,34,124,321,65,563,588,5726,,,,,,,,
Earnings from continuing operations,,,,,,,,,2606,1721,1988,,,4626172,5745838,4734216,,,,
Operating earnings,,,,,,,,,2867,2599,2133,,,,,,,,,
Total operating cost and expenses,,,,,,,,,17538,17648,17524,,,,,,,,,
Average Number of Common Shares Outstanding Plus Dilutive Common Stock Options and Awards (in shares),,,,,,,,,,1527,1574,1591838,1567389,1556022,1555126,1560753,1555126,1560753,1560057,1560057
Dilutive Common Stock Options and Awards (in shares),,,,,,,,,,11,16,16460,9746,9622,8143,15398,8143,15398,16975,16975
Taxes on Earnings (loss) from Continuing Operations,,,,,,,,,,797,53,(457),,,,,,,,
Earnings (loss) from Continuing Operations before Taxes,,,,,,,,,,2518,2041,(220),,,,,,,,
"Less: Earnings from Discontinued Operations, net of tax",,,,,,,,,,,193,5384,3602,,,,,,,
Cost of products sold,,,,,,,,,,,10040,15119718,15540580,14665192,13209329,12612022,13209329,12612022,11422046,11422046
Diluted Earnings Per Common Share (in dollars per share),,,,,,,,,,,,3.72,3.01,2.96,3.69,,,,,
Basic Earnings Per Common Share (in dollars per share),,,,,,,,,,,,3.76,3.03,2.98,3.71,,,,,
Earnings Before Taxes,,,,,,,,,,,,6262614,5198642,5712834,7193774,,,,,
Interest (income),,,,,,,,,,,,"(79,225)","(85,196)","(105,453)","(137,779)","(201,229)","(137,779)","(201,229)","(136,752)","(136,752)"
Acquired in-process and collaborations research and development,,,,,,,,,,,,288000,672500,313200,,,,,,
Acquired in process and collaborations research and development,,,,,,,,,,,,,672500,313200,170000,,,,,
Acquired in-process research and development,,,,,,,,,,,,,,313200,170000,97256,,,,
