,"CONSOLIDATED STATEMENTS OF OPERATIONS - USD ($)  shares in Millions, $ in Millions",3 Months Ended,3 Months Ended,3 Months Ended,3 Months Ended,3 Months Ended,3 Months Ended,3 Months Ended,3 Months Ended,12 Months Ended,12 Months Ended,12 Months Ended
,"CONSOLIDATED STATEMENTS OF OPERATIONS - USD ($)  shares in Millions, $ in Millions","Dec. 31, 2017","Sep. 30, 2017","Jun. 30, 2017","Mar. 31, 2017","Dec. 31, 2016","Sep. 30, 2016","Jun. 30, 2016","Mar. 31, 2016","Dec. 31, 2017","Dec. 31, 2016","Dec. 31, 2015"
0,"Sales Revenue, Goods, Gross",,,,,,,,,"$ 13,471.5","$ 6,597.4","$ 5,127.4"
1,Sales,"$ 3,211.7","$ 3,552.9","$ 3,793.1","$ 2,913.8","$ 2,901.9","$ 1,337.7","$ 1,407.0",$ 950.8,11002.8,4885.0,3567.5
2,Excise taxes,(632.1),(669.7),(701.8),(465.1),(607.9),(390.1),(420.8),(293.6),"(2,468.7)","(1,712.4)","(1,559.9)"
3,Net sales,2579.6,2883.2,3091.3,2448.7,2294.0,947.6,986.2,657.2,11002.8,4885.0,3567.5
4,Cost of goods sold,"(1,514.7)","(1,584.1)","(1,750.7)","(1,367.7)","(1,481.9)",(537.4),(558.1),(410.1),"(6,217.2)","(2,987.5)","(2,131.6)"
5,Gross profit,1064.9,1299.1,1340.6,1081.0,812.1,410.2,428.1,247.1,4785.6,1897.5,1435.9
6,"Marketing, general and administrative expenses",,,,,,,,,"(3,032.4)","(1,589.8)","(1,038.3)"
7,"Special items, net",,,,,,,,,(28.1),2522.4,(346.7)
8,Equity Income Loss in Equity Method Investment,,,,,,,,,0.0,500.9,516.3
9,Operating income (loss),,,,,,,,,1725.1,3331.0,567.2
10,"Other income (expense), net",,,,,,,,,,,
11,Interest expense,,,,,,,,,(349.3),(271.6),(120.3)
12,Interest income,,,,,,,,,6.0,27.2,8.3
13,"Other income (expense), net",,,,,,,,,(0.1),(29.7),0.9
14,"Total other income (expense), net",,,,,,,,,(343.4),(274.1),(111.1)
15,Income (loss) from continuing operations before income taxes,,,,,,,,,1381.7,3056.9,456.1
16,Income tax benefit (expense),,,,,,,,,53.2,"(1,055.2)",(61.5)
17,Net income (loss) from continuing operations,,,,,,,,,1434.9,2001.7,394.6
18,"Income (loss) from discontinued operations, net of tax",0.7,(0.2),1.6,(0.6),(0.5),0.0,(1.8),(0.5),1.5,(2.8),3.9
19,Net income (loss) including noncontrolling interests,,,,,,,,,1436.4,1998.9,398.5
20,Net (income) loss attributable to noncontrolling interests,,,,,,,,,(22.2),(5.9),(3.3)
21,Net income (loss) attributable to Molson Coors Brewing Company,$ 588.8,$ 287.0,$ 329.9,$ 208.5,"$ 1,439.3",$ 207.7,$ 177.9,$ 168.1,"$ 1,414.2","$ 1,993.0",$ 395.2
22,Basic net income (loss) attributable to Molson Coors Brewing Company per share:,,,,,,,,,,,
23,Basic net income (loss) from continuing operations attributable to MCBC per share,$ 2.73,$ 1.33,$ 1.52,$ 0.97,$ 6.70,$ 0.97,$ 0.84,$ 0.83,$ 6.56,$ 9.41,$ 2.11
24,From discontinued operations (in dollars per share),0.00,0.00,0.01,0.00,0.00,0.00,(0.01),0.00,0.01,(0.01),0.02
25,Basic net income (loss) attributable to Molson Coors Brewing Company (in dollars per share),2.73,1.33,1.53,0.97,6.70,0.97,0.83,0.83,6.57,9.40,2.13
26,Diluted net income (loss) attributable to Molson Coors Brewing Company per share:,,,,,,,,,,,
27,From continuing operations (in dollars per share),2.72,1.33,1.52,0.97,6.65,0.96,0.83,0.82,6.52,9.35,2.10
28,From discontinued operations (in dollars per share),0.00,0.00,0.00,(0.01),0.00,0.00,(0.01),0.00,0.01,(0.01),0.02
29,Diluted net income (loss) attributable to Molson Coors Brewing Company per share,$ 2.72,$ 1.33,$ 1.52,$ 0.96,$ 6.65,$ 0.96,$ 0.82,$ 0.82,$ 6.53,$ 9.34,$ 2.12
30,Weighted-average sharesâ€”basic,,,,,,,,,215.4,212.0,185.3
31,Weighted-average shares for diluted EPS,,,,,,,,,216.5,213.4,186.4
32,Amounts attributable to Molson Coors Brewing Company,,,,,,,,,,,
33,Net income (loss) from continuing operations,$ 588.1,$ 287.2,$ 328.3,$ 209.1,"$ 1,439.8",$ 207.7,$ 179.7,$ 168.6,"$ 1,412.7","$ 1,995.8",$ 391.3
34,"Income (loss) from discontinued operations, net of tax",0.7,(0.2),1.6,(0.6),(0.5),0.0,(1.8),(0.5),1.5,(2.8),3.9
35,Net income (loss) attributable to Molson Coors Brewing Company,$ 588.8,$ 287.0,$ 329.9,$ 208.5,"$ 1,439.3",$ 207.7,$ 177.9,$ 168.1,1414.2,1993.0,395.2
36,Eliminations,,,,,,,,,,,
37,"Sales Revenue, Goods, Gross",,,,,,,,,(521.9),(216.2),(112.5)
38,Sales,,,,,,,,,(521.9),(216.2),(112.5)
39,Excise taxes,,,,,,,,,0.0,0.0,0.0
40,Cost of goods sold,,,,,,,,,487.0,185.6,80.2
41,Gross profit,,,,,,,,,(34.9),(30.6),(32.3)
42,"Marketing, general and administrative expenses",,,,,,,,,34.9,30.6,32.3
43,"Special items, net",,,,,,,,,0.0,0.0,0.0
44,Equity Income Loss in Equity Method Investment,,,,,,,,,,0.0,0.0
45,Operating income (loss),,,,,,,,,"(1,758.1)","(1,809.3)",(281.6)
46,"Other income (expense), net",,,,,,,,,,,
47,"Other income (expense), net",,,,,,,,,0.0,0.0,0.0
48,Income tax benefit (expense),,,,,,,,,0.0,0.0,0.0
49,Net income (loss) from continuing operations,,,,,,,,,"(1,758.1)","(1,809.3)",(281.6)
50,"Income (loss) from discontinued operations, net of tax",,,,,,,,,0.0,0.0,0.0
51,Net income (loss) including noncontrolling interests,,,,,,,,,"(1,758.1)","(1,809.3)",(281.6)
52,Net (income) loss attributable to noncontrolling interests,,,,,,,,,0.0,0.0,0.0
53,Net income (loss) attributable to Molson Coors Brewing Company,,,,,,,,,"(1,758.1)","(1,809.3)",(281.6)
54,Amounts attributable to Molson Coors Brewing Company,,,,,,,,,,,
55,"Income (loss) from discontinued operations, net of tax",,,,,,,,,0.0,0.0,0.0
56,Net income (loss) attributable to Molson Coors Brewing Company,,,,,,,,,"(1,758.1)","(1,809.3)",(281.6)
57,Parent Issuer,,,,,,,,,,,
58,"Sales Revenue, Goods, Gross",,,,,,,,,21.8,26.5,28.2
59,Sales,,,,,,,,,21.8,26.5,28.2
60,Excise taxes,,,,,,,,,0.0,0.0,0.0
61,Cost of goods sold,,,,,,,,,(2.0),0.0,0.0
62,Gross profit,,,,,,,,,19.8,26.5,28.2
63,"Marketing, general and administrative expenses",,,,,,,,,(284.8),(249.6),(131.0)
64,"Special items, net",,,,,,,,,(0.8),(1.0),0.0
65,Equity Income Loss in Equity Method Investment,,,,,,,,,,0.0,0.0
66,Operating income (loss),,,,,,,,,1584.6,2044.7,365.7
67,"Other income (expense), net",,,,,,,,,,,
68,"Other income (expense), net",,,,,,,,,(8.5),(62.0),(7.4)
69,Income tax benefit (expense),,,,,,,,,146.5,212.4,104.4
70,Net income (loss) from continuing operations,,,,,,,,,1414.2,1993.0,395.2
71,"Income (loss) from discontinued operations, net of tax",,,,,,,,,0.0,0.0,0.0
72,Net income (loss) including noncontrolling interests,,,,,,,,,1414.2,1993.0,395.2
73,Net (income) loss attributable to noncontrolling interests,,,,,,,,,0.0,0.0,0.0
74,Net income (loss) attributable to Molson Coors Brewing Company,,,,,,,,,1414.2,1993.0,395.2
75,Amounts attributable to Molson Coors Brewing Company,,,,,,,,,,,
76,"Income (loss) from discontinued operations, net of tax",,,,,,,,,0.0,0.0,0.0
77,Net income (loss) attributable to Molson Coors Brewing Company,,,,,,,,,1414.2,1993.0,395.2
78,Subsidiary Guarantors,,,,,,,,,,,
79,"Sales Revenue, Goods, Gross",,,,,,,,,10457.9,3742.8,2070.4
80,Sales,,,,,,,,,8982.8,3081.4,1596.5
81,Excise taxes,,,,,,,,,"(1,475.1)",(661.4),(473.9)
82,Cost of goods sold,,,,,,,,,"(5,028.3)","(1,827.6)",(886.7)
83,Gross profit,,,,,,,,,3954.5,1253.8,709.8
84,"Marketing, general and administrative expenses",,,,,,,,,"(2,164.8)",(802.4),(368.8)
85,"Special items, net",,,,,,,,,(21.5),2554.8,(27.2)
86,Equity Income Loss in Equity Method Investment,,,,,,,,,,500.9,516.3
87,Operating income (loss),,,,,,,,,1482.5,3166.7,370.4
88,"Other income (expense), net",,,,,,,,,,,
89,"Other income (expense), net",,,,,,,,,178.9,(60.9),6.3
90,Income tax benefit (expense),,,,,,,,,(86.6),"(1,108.0)",(214.5)
91,Net income (loss) from continuing operations,,,,,,,,,1850.4,2266.7,452.3
92,"Income (loss) from discontinued operations, net of tax",,,,,,,,,0.0,0.0,0.0
93,Net income (loss) including noncontrolling interests,,,,,,,,,1850.4,2266.7,452.3
94,Net (income) loss attributable to noncontrolling interests,,,,,,,,,0.0,0.0,0.0
95,Net income (loss) attributable to Molson Coors Brewing Company,,,,,,,,,1850.4,2266.7,452.3
96,Amounts attributable to Molson Coors Brewing Company,,,,,,,,,,,
97,"Income (loss) from discontinued operations, net of tax",,,,,,,,,0.0,0.0,0.0
98,Net income (loss) attributable to Molson Coors Brewing Company,,,,,,,,,1850.4,2266.7,452.3
99,Subsidiary Non Guarantors,,,,,,,,,,,
100,"Sales Revenue, Goods, Gross",,,,,,,,,3513.7,3044.3,3141.3
101,Sales,,,,,,,,,2520.1,1993.3,2055.3
102,Excise taxes,,,,,,,,,(993.6),"(1,051.0)","(1,086.0)"
103,Cost of goods sold,,,,,,,,,"(1,673.9)","(1,345.5)","(1,325.1)"
104,Gross profit,,,,,,,,,846.2,647.8,730.2
105,"Marketing, general and administrative expenses",,,,,,,,,(617.7),(568.4),(570.8)
106,"Special items, net",,,,,,,,,(5.8),(31.4),(319.5)
107,Equity Income Loss in Equity Method Investment,,,,,,,,,,0.0,0.0
108,Operating income (loss),,,,,,,,,416.1,(71.1),112.7
109,"Other income (expense), net",,,,,,,,,,,
110,"Other income (expense), net",,,,,,,,,(170.5),93.2,2.0
111,Income tax benefit (expense),,,,,,,,,(6.7),(159.6),48.6
112,Net income (loss) from continuing operations,,,,,,,,,(71.6),(448.7),(171.3)
113,"Income (loss) from discontinued operations, net of tax",,,,,,,,,1.5,(2.8),3.9
114,Net income (loss) including noncontrolling interests,,,,,,,,,(70.1),(451.5),(167.4)
115,Net (income) loss attributable to noncontrolling interests,,,,,,,,,(22.2),(5.9),(3.3)
116,Net income (loss) attributable to Molson Coors Brewing Company,,,,,,,,,(92.3),(457.4),(170.7)
117,Amounts attributable to Molson Coors Brewing Company,,,,,,,,,,,
118,"Income (loss) from discontinued operations, net of tax",,,,,,,,,1.5,(2.8),3.9
119,Net income (loss) attributable to Molson Coors Brewing Company,,,,,,,,,$ (92.3),$ (457.4),$ (170.7)
